@book{Thompson2011,
  author    = {Thompson, K.},
  title     = {Reflections on the Development of Programming Languages},
  year      = {2011},
  publisher = {Addison-Wesley},
}

@article{Hutton2007,
  author    = {Hutton, G.},
  title     = {Programming in Haskell},
  journal   = {Cambridge University Press},
  year      = {2007},
}
